@inproceedings{casteigts2020vectortsp,
  title={VectorTSP: A Traveling Salesperson Problem with Racetrack-like acceleration constraints},
  author={Casteigts, Arnaud and Raffinot, Mathieu and Schoeters, Jason},
  booktitle={International Symposium on Algorithms and Experiments for Sensor Systems, Wireless Networks and Distributed Robotics},
  pages={45--59},
  year={2020},
  organization={Springer}
}

@inproceedings{traub2020improved,
  title={An improved approximation algorithm for ATSP},
  author={Traub, Vera and Vygen, Jens},
  booktitle={Proceedings of the 52nd Annual ACM SIGACT Symposium on Theory of Computing},
  pages={1--13},
  year={2020}
}

@article{savla2009traveling,
  title={Traveling Salesperson Problems for a double integrator},
  author={Savla, Ketan and Bullo, Francesco and Frazzoli, Emilio},
  journal={IEEE Transactions on Automatic Control},
  volume={54},
  number={4},
  pages={788--793},
  year={2009},
  publisher={IEEE}
}

@article{bjorklund,
  title={Determinant sums for undirected hamiltonicity},
  author={Bjorklund, Andreas},
  journal={SIAM Journal on Computing},
  volume={43},
  number={1},
  pages={280--299},
  year={2014},
  publisher={SIAM}
}

@article{arkin94,
  title={Approximation algorithms for the geometric covering salesman problem},
  author={Arkin, Esther M and Hassin, Refael},
  journal={Discrete Applied Mathematics},
  volume={55},
  number={3},
  pages={197--218},
  year={1994},
  publisher={Elsevier}
}

@misc{concorde,
  title={Concorde TSP solver},
  author={Applegate, David and Bixby, Ribert and Chvatal, Vasek and Cook, William},
  year=2006
}

@book{PS12,
  title={Computational geometry: an introduction},
  author={Preparata, Franco P and Shamos, Michael I},
  year={2012},
  publisher={Springer Science \& Business Media}
}

@article{croes1958method,
  title={A method for solving traveling-salesman problems},
  author={Croes, Georges A},
  journal={Operations research},
  volume={6},
  number={6},
  pages={791--812},
  year={1958},
  publisher={INFORMS}
}

@article{PV06,
  author = {Papadimitriou, Christos and Vempala, Santosh},
  year = {2006},
  month = {02},
  pages = {101-120},
  title = {On The Approximability Of The Traveling Salesman Problem},
  volume = {26},
  journal = {Conference Proceedings of the Annual ACM Symposium on Theory of Computing},
  doi = {10.1007/s00493-006-0008-z}
}

@article{heldkarp62,
  title={A dynamic programming approach to sequencing problems},
  author={Held, Michael and Karp, Richard M},
  journal={Journal of the Society for Industrial and Applied mathematics},
  volume={10},
  number={1},
  pages={196--210},
  year={1962},
  publisher={SIAM}
}

@article{orponenmannila90,
  title={On approximation preserving reductions: Complete problems and robust measures (revised version)},
  author={Orponen, Pekka and Mannila, Heikki},
  journal={Department of Computer Science, University of Helsinki},
  year={1990},
  publisher={Citeseer}
}

@inproceedings{svensson2018constant,
  title={A constant-factor approximation algorithm for the asymmetric traveling salesman problem},
  author={Svensson, Ola and Tarnawski, Jakub and V{\'e}gh, L{\'a}szl{\'o} A},
  booktitle={Proceedings of the 50th Annual ACM SIGACT Symposium on Theory of Computing},
  pages={204--213},
  year={2018},
  organization={ACM}
}

@article{noon1989efficient,
  title={An efficient transformation of the generalized traveling salesman problem},
  author={Noon, Charles Edward and Bean, James C},
  year={1989}
}

@inproceedings{arora96,
  title={Polynomial time approximation schemes for Euclidean TSP and other geometric problems},
  author={Arora, Sanjeev},
  booktitle={Proceedings of 37th Conference on Foundations of Computer Science},
  pages={2--11},
  year={1996},
  organization={IEEE}
}

@book{canny1988complexity,
  title={On the complexity of kinodynamic planning},
  author={Canny, John and Donald, Bruce and Reif, John and Xavier, Patrick},
  year={1988},
  publisher={IEEE}
}

@article{canny1991exact,
  title={An exact algorithm for kinodynamic planning in the plane},
  author={Canny, John and Rege, Ashutosh and Reif, John},
  journal={Discrete \& Computational Geometry},
  volume={6},
  number={3},
  pages={461--484},
  year={1991},
  publisher={Springer}
}

@article{donald1993kinodynamic,
  title={Kinodynamic motion planning},
  author={Donald, Bruce and Xavier, Patrick and Canny, John and Reif, John},
  journal={Journal of the ACM (JACM)},
  volume={40},
  number={5},
  pages={1048--1066},
  year={1993},
  publisher={ACM}
}

@article{chen1997framed,
  title={A framed-quadtree approach for determining Euclidean shortest paths in a 2-D environment},
  author={Chen, Danny Z and Szczerba, Robert J and Uhran, John J},
  journal={IEEE Transactions on robotics and automation},
  volume={13},
  number={5},
  pages={668--681},
  year={1997},
  publisher={IEEE}
}

@article{gardner1973sim,
  title={SIM, CHOMP AND RACE TRACK-NEW GAMES FOR INTELLECT (AND NOT FOR LADY LUCK)},
  author={Gardner, M},
  journal={Scientific American},
  volume={228},
  number={1},
  pages={108--115},
  year={1973},
  publisher={SCI AMERICAN INC 415 MADISON AVE, NEW YORK, NY 10017}
}

@article{holzer2010computational,
  title={The computational complexity of RACETRACK},
  author={Holzer, Markus and McKenzie, Pierre},
  booktitle={International Conference on Fun with Algorithms},
  pages={260--271},
  year={2010},
  organization={Springer}
}

@article{blogernie,
  title={Ernie's 3D pancakes : "How hard is optimal racing?"},
  author={Jeff Erickson},
  note={{\small \tt http://3dpancakes.typepad.com/ernie/2009/06/how-hard-is-optimal-racing.html}},
  year={2009}
}

@article{oeis,
  title={On-line Encyclopedia of Integer Sequences},
  author={Sequence A027434},
  note={{\small \tt https://oeis.org/A027434}},
  year={}
}

@article{karp1972reducibility,
  title={Reducibility among combinatorial problems},
  author={Karp, Richard M},
  booktitle={Complexity of computer computations},
  pages={85--103},
  year={1972},
  publisher={Springer}
}

@article{mitchell99,
  title={Guillotine subdivisions approximate polygonal subdivisions: A simple polynomial-time approximation scheme for geometric TSP, k-MST, and related problems},
  author={Mitchell, Joseph SB},
  journal={SIAM Journal on computing},
  volume={28},
  number={4},
  pages={1298--1309},
  year={1999},
  publisher={SIAM}
}

@techreport{christofides76,
  title={Worst-case analysis of a new heuristic for the travelling salesman problem},
  author={Christofides, Nicos},
  year={1976},
  institution={Carnegie-Mellon Univ Pittsburgh Pa Management Sciences Research Group}
}

@article{papadimitriou1977euclidean,
  title={The Euclidean travelling salesman problem is NP-complete},
  author={Papadimitriou, Christos H},
  journal={Theoretical computer science},
  volume={4},
  number={3},
  pages={237--244},
  year={1977},
  publisher={Elsevier}
}

@article{garey1976some,
  title={Some NP-complete geometric problems},
  author={Garey, Michael R and Graham, Ronald L and Johnson, David S},
  booktitle={Proceedings of the eighth annual ACM symposium on Theory of computing},
  pages={10--22},
  year={1976},
  organization={ACM}
}

@article{bekos2018algorithms,
  title={Algorithms and insights for RaceTrack},
  author={Bekos, Michael A and Bruckdorfer, Till and F{\"o}rster, Henry and Kaufmann, Michael and Poschenrieder, Simon and St{\"u}ber, Thomas},
  journal={Theoretical Computer Science},
  year={2018},
  publisher={Elsevier}
}

@article{schmid2005vector,
  title={VectorRace - finding the fastest path through a two-dimensional track},
  author={Schmid, Jakob},
  journal={URL: http://schmid.dk/articles/vectorRace.pdf},
  year={2005},
}

@article{johnson1997traveling,
  title={The traveling salesman problem: A case study in local optimization},
  author={Johnson, David S and McGeoch, Lyle A},
  journal={Local search in combinatorial optimization},
  volume={1},
  pages={215--310},
  year={1997},
  publisher={Chichester, UK}
}

@article{rosenkrantz1977analysis,
  title={An analysis of several heuristics for the traveling salesman problem},
  author={Rosenkrantz, Daniel J and Stearns, Richard E and Lewis, II, Philip M},
  journal={SIAM journal on computing},
  volume={6},
  number={3},
  pages={563--581},
  year={1977},
  publisher={SIAM}
}

@article{papadimitriou1977complexity,
  title={On the complexity of local search for the traveling salesman problem},
  author={Papadimitriou, Christos H and Steiglitz, Kenneth},
  journal={SIAM Journal on Computing},
  volume={6},
  number={1},
  pages={76--83},
  year={1977},
  publisher={SIAM}
}

@inproceedings{savla2005point,
  title={On the point-to-point and traveling salesperson problems for Dubins' vehicle},
  author={Savla, Ketan and Frazzoli, Emilio and Bullo, Francesco},
  booktitle={proceedings of the American Control Conference},
  volume={2},
  pages={786},
  year={2005}
}

@article{azar1994lower,
  title={Lower bounds for insertion methods for TSP},
  author={Azar, Yossi},
  journal={Combinatorics, Probability and Computing},
  volume={3},
  number={3},
  pages={285--292},
  year={1994},
  publisher={Cambridge University Press}
}

@article{noon1993efficient,
  title={An efficient transformation of the generalized traveling salesman problem},
  author={Noon, Charles E and Bean, James C},
  journal={INFOR: Information Systems and Operational Research},
  volume={31},
  number={1},
  pages={39--44},
  year={1993},
  publisher={Taylor \& Francis}
}

@misc{olsson2011genetic,
  title={A genetic algorithm in the game racetrack},
  author={Olsson, Robert and Tarandi, Andreas},
  year={2011},
  publisher={School of Computer Science and Engineering, KTH}
}

@article{kumar1996asymmetric,
  title={On asymmetric TSP: Transformation to symmetric TSP and performance bound},
  author={Kumar, Ratnesh and Li, Haomin},
  journal={Journal of Operations Research},
  volume={6},
  year={1996},
  publisher={Citeseer}
}

@book{hilbert1999geometry,
  title={Geometry and the Imagination},
  author={Hilbert, David and Cohn-Vossen, Stephan},
  number={87},
  year={1999},
  publisher={American Mathematical Soc.}
}

@InProceedings{mobile_sink,
author="Yuan, Yuan
and Peng, Yuxing",
editor="Nikolaidis, Ioanis
and Wu, Kui",
title="RaceTrack: An Approximation Algorithm for the Mobile Sink Routing
Problem",
booktitle="Ad-Hoc, Mobile and Wireless Networks",
year="2010",
publisher="Springer Berlin Heidelberg",
address="Berlin, Heidelberg",
pages="135--148",
}

@inproceedings{le2007curvature,
  title={The curvature-constrained traveling salesman problem for high point densities},
  author={Le Ny, Jerome and Frazzoli, Emilio and Feron, Eric},
  booktitle={2007 46th IEEE Conference on Decision and Control},
  pages={5985--5990},
  year={2007},
  organization={IEEE}
}

@article{kanellakis1980local,
  title={Local search for the asymmetric traveling salesman problem},
  author={Kanellakis, Paris-C and Papadimitriou, Christos H},
  journal={Operations Research},
  volume={28},
  number={5},
  pages={1086--1099},
  year={1980},
  publisher={INFORMS}
}

